
@Online{covid_us_faithfamily_2021,
	title = {More Americans than people in other advanced economies say COVID-19 has strengthened religious faith},
	url = {https://www.pewforum.org/2021/01/27/more-americans-than-people-in-other-advanced-economies-say-covid-19-has-strengthened-religious-faith/},
	language = {en},
	urldate = {2021-12-08},
	month = {jan},
	year = {2021}
}

@article{HOLINGUE2020106231,
title = {Mental distress during the COVID-19 pandemic among US adults without a pre-existing mental health condition: Findings from American trend panel survey},
journal = {Preventive Medicine},
volume = {139},
pages = {106231},
year = {2020},
issn = {0091-7435},
doi = {https://doi.org/10.1016/j.ypmed.2020.106231},
url = {https://www.sciencedirect.com/science/article/pii/S0091743520302553},
author = {Calliope Holingue and Elena Badillo-Goicoechea and Kira E. Riehm and Cindy B. Veldhuis and Johannes Thrul and Renee M. Johnson and M. Daniele Fallin and Frauke Kreuter and Elizabeth A. Stuart and Luther G. Kalb}
}

@article{pirutinsky2021covid,
  title={COVID-19, religious coping, and weight change in the orthodox Jewish community},
  author={Pirutinsky, Steven and Cherniak, Aaron D and Rosmarin, David H},
  journal={Journal of religion and health},
  volume={60},
  number={2},
  pages={646--653},
  year={2021},
  publisher={Springer}
}

